@misc{bsmv,
author="Biham, Eli
and Shamir, Adi",
editor="Menezes, Alfred J.
and Vanstone, Scott A.",
title="Differential Cryptanalysis of DES-like Cryptosystems",
booktitle="Advances in Cryptology-CRYPTO' 90",
year="1991",
publisher="Springer Berlin Heidelberg",
address="Berlin, Heidelberg",
pages="2--21",
isbn="978-3-540-38424-3"
}

